@article{anitescu2021targeting,
 author  = {Anitescu, Mihai and Kim, Kibaek and Kim, Youngdae and Maldonado, Adrian and Pacaud, Fran√ßois and Rao, Vishwas and Schanen, Michel and Shin, Sungho and Subramanian, Anirudh},
 year={2021},
 title   = {Targeting {E}xascale with {J}ulia on {G}{P}{U}s for multiperiod optimization with scenario constraints},
 journal = {SIAG/OPT Views and News},
 url     = {http://wiki.siam.org/siag-op/images/siag-op/e/e8/ViewsAndNews-29-1.pdf},
}
@book{nocedal2006numerical,
  title={Numerical optimization},
  author={Nocedal, Jorge and Wright, Stephen J},
  year={2006},
  publisher={Springer}
}
