@misc{shin2022accelerating,
  title={Accelerating Optimal Power Flow with {GPU}s: {SIMD} Abstraction of Nonlinear Programs and Condensed-Space Interior-Point Methods},
	author={Shin, Sungho and Pacaud, Fran{\c{c}}ois and Anitescu, Mihai},
	eprint={arXiv:2307.16830}, 
	note={Under Review},
}
@misc{pacaud2023parallel,
  title={Parallel Interior-Point Solver for Block-Structured Nonlinear Programs on {SIMD}/{GPU} Architectures},
  author={Pacaud, Fran{\c{c}}ois and Schanen, Michel and Shin, Sungho and Maldonado, Daniel Adrian and Anitescu, Mihai},
  note={Under Review.},
  eprint={arXiv:2301.04869},
  year={2023}
}
@article{pacaud2023accelerating, 
  title={Accelerating condensed interior-point methods on {SIMD}/{GPU} architectures},
  author={Pacaud, Fran{\c{c}}ois and Shin, Sungho and Schanen, Michel and Maldonado, Daniel Adrian and Anitescu, Mihai},
  journal={Journal of Optimization Theory and Applications},
  pages={1--20},
  year={2023},
  eprint = {arXiv:2203.11875},
	doi={10.1007/s10957-022-02129-5},
  publisher={Springer}
}
@article{anitescu2021targeting,
 author  = {Anitescu, Mihai and Kim, Kibaek and Kim, Youngdae and Maldonado, Adrian and Pacaud, Fran√ßois and Rao, Vishwas and Schanen, Michel and Shin, Sungho and Subramanian, Anirudh},
 year={2021},
 title   = {Targeting {E}xascale with {J}ulia on {G}{P}{U}s for multiperiod optimization with scenario constraints},
 journal = {SIAG/OPT Views and News},
 url     = {http://wiki.siam.org/siag-op/images/siag-op/e/e8/ViewsAndNews-29-1.pdf},
}