@article{shin2023accelerating,
  title={Accelerating Optimal Power Flow with GPUs: SIMD Abstraction of Nonlinear Programs and Condensed-Space Interior-Point Methods},
  author={Shin, Sungho and Pacaud, Fran{\c{c}}ois and Anitescu, Mihai},
  journal={arXiv preprint arXiv:2307.16830},
  year={2023}
}