@article{anitescu2021targeting,
 author  = {Anitescu, Mihai and Kim, Kibaek and Kim, Youngdae and Maldonado, Adrian and Pacaud, Fran√ßois and Rao, Vishwas and Schanen, Michel and Shin, Sungho and Subramanian, Anirudh},
 year={2021},
 title   = {Targeting {E}xascale with {J}ulia on {G}{P}{U}s for multiperiod optimization with scenario constraints},
 journal = {SIAG/OPT Views and News},
 url     = {http://wiki.siam.org/siag-op/images/siag-op/e/e8/ViewsAndNews-29-1.pdf},
}
@book{nocedal2006numerical,
  title={Numerical optimization},
  author={Nocedal, Jorge and Wright, Stephen J},
  year={2006},
  publisher={Springer}
}
@article{hijazi2018gravity,
  title={Gravity: A mathematical modeling language for optimization and machine learning},
  author={Hijazi, Hassan and Wang, Guanglei and Coffrin, Carleton},
  year={2018}
}

@misc{madnlp,
  author = {Sungho Shin and Francois Pacaud},
  title = {{M}ad{NLP}.jl},
  howpublished = {\url{https://github.com/MadNLP/MadNLP.jl}},
}
@misc{simdiff,
  author = {Sungho Shin},
  title = {{SIMD}iff.jl},
  howpublished = {\url{https://github.com/sshin23/SIMDiff.jl}},
}
@article{wachter2006implementation,
  title={On the implementation of an interior-point filter line-search algorithm for large-scale nonlinear programming},
  author={W{\"a}chter, Andreas and Biegler, Lorenz T},
  journal={Mathematical programming},
  volume={106},
  pages={25--57},
  year={2006},
  publisher={Springer}
}
@article{pacaud2022condensed,
  title={Accelerating condensed interior-point methods on {SIMD/GPU} architectures},
  author={Pacaud, Fran{\c{c}}ois and Shin, Sungho and Schanen, Michel and Maldonado, Daniel Adrian and Anitescu, Mihai},
  journal={Journal of Optimization Theory and Applications},
  pages={1--20},
  year={2023},
  publisher={Springer}
}

@misc{pglib,
title = {pglib-opf},
author = {Carleton Coffrin},
howpublished={https://github.com/power-grid-lib/pglib-opf},
}
